// TPM
@inproceedings{DBLP:conf/spw/MukhamedovGR09,
  author    = {Aybek Mukhamedov and
               Andrew D. Gordon and
               Mark Ryan},
  title     = {Towards a Verified Reference Implementation of a Trusted Platform
               Module},
  booktitle = {Security Protocols XVII, 17th International Workshop, Cambridge, UK,
               April 1-3, 2009. Revised Selected Papers},
  year      = {2009}
}

@inproceedings{DBLP:conf/esorics/GurgensRSAP07,
  author    = {Sigrid G{\"{u}}rgens and
               Carsten Rudolph and
               Dirk Scheuermann and
               Marion Atts and
               Rainer Plaga},
  title     = {Security Evaluation of Scenarios Based on the TCG's {TPM} Specification},
  booktitle = {Computer Security - {ESORICS} 2007, 12th European Symposium On Research
               In Computer Security, Dresden, Germany, September 24-26, 2007, Proceedings},
  year      = {2007}
}

@inproceedings{DBLP:conf/ifip1-7/DelauneKRS10,
  author    = {St{\'{e}}phanie Delaune and
               Steve Kremer and
               Mark Dermot Ryan and
               Graham Steel},
  title     = {A Formal Analysis of Authentication in the {TPM}},
  booktitle = {Formal Aspects of Security and Trust - 7th International Workshop,
               {FAST} 2010, Pisa, Italy, September 16-17, 2010. Revised Selected
               Papers},
  year      = {2010}
}
@inproceedings{DBLP:conf/csfw/DelauneKRS11,
  author    = {St{\'{e}}phanie Delaune and
               Steve Kremer and
               Mark Dermot Ryan and
               Graham Steel},
  title     = {Formal Analysis of Protocols Based on {TPM} State Registers},
  booktitle = {Proceedings of the 24th {IEEE} Computer Security Foundations Symposium,
               {CSF} 2011, Cernay-la-Ville, France, 27-29 June, 2011},
  pages     = {66--80},
  year      = {2011}
}

// Session types
@article{DBLP:journals/csur/HuttelLVCCDMPRT16,
  author    = {Hans H{\"{u}}ttel and
               Ivan Lanese and
               Vasco T. Vasconcelos and
               Lu{\'{\i}}s Caires and
               Marco Carbone and
               Pierre{-}Malo Deni{\'{e}}lou and
               Dimitris Mostrous and
               Luca Padovani and
               Ant{\'{o}}nio Ravara and
               Emilio Tuosto and
               Hugo Torres Vieira and
               Gianluigi Zavattaro},
  title     = {Foundations of Session Types and Behavioural Contracts},
  journal   = {{ACM} Comput. Surv.},
  volume    = {49},
  number    = {1},
  pages     = {3:1--3:36},
  year      = {2016}
}

@article{DBLP:journals/iandc/Vasconcelos12,
  author    = {Vasco T. Vasconcelos},
  title     = {Fundamentals of session types},
  journal   = {Inf. Comput.},
  volume    = {217},
  pages     = {52--70},
  year      = {2012}
}

// Security Protocol
@article{DBLP:journals/ftpl/CortierK14,
  author    = {V{\'{e}}ronique Cortier and
               Steve Kremer},
  title     = {Formal Models and Techniques for Analyzing Security Protocols: {A}
               Tutorial},
  journal   = {Foundations and Trends in Programming Languages},
  volume    = {1},
  number    = {3},
  pages     = {151--267},
  year      = {2014}
}

// Applied Pi Calculus
@article {AplliedPiCalsulus2010,
    title={Applied pi calculus},
    author={Mark D. Ryan and Ben Smyth},
    year={2010}
}

// Extra
@inproceedings{DBLP:conf/csfw/DelauneKRS11,
  author    = {St{\'{e}}phanie Delaune and
               Steve Kremer and
               Mark Dermot Ryan and
               Graham Steel},
  title     = {Formal Analysis of Protocols Based on {TPM} State Registers},
  booktitle = {Proceedings of the 24th {IEEE} Computer Security Foundations Symposium,
               {CSF} 2011, Cernay-la-Ville, France, 27-29 June, 2011},
  pages     = {66--80},
  year      = {2011}
}
