@misc {ProVerif,
    title={ProVerif},
    author={Bruno Blanchet},
    url={http://prosecco.gforge.inria.fr/personal/bblanche/proverif/},
    urldate={2018-12-03}
}
